@article{Madsen:PJ:2006-4,
author = "Lars Madsen",
title = "Avoid eqnarray!",
journal = "The Prac\TeX\ Journal",
year = "2006",
number = "4",
url = "http://tug.org/pracjourn/2006-4/madsen"
}

@manual{MITtheorem,
author = "MIT",
title = "How to use the theorem environment",
url = "http://web.mit.edu/rsi/www/pdfs/theorems.pdf"
}

@manual{SymbolList,
author = "Scott Pakin",
title = "The Comprehensive LATEX Symbol List",
year = "2017",
url = "http://mirror.aarnet.edu.au/pub/CTAN/info/symbols/comprehensive/symbols-a4.pdf"
}

@manual{GuideTables,
author = "Markus PÃ¼schel",
title = "Small Guide to Making Nice Tables",
url = "https://inf.ethz.ch/personal/markusp/teaching/guides/guide-tables.pdf"
}

@manual{Obsolete,
author = "Mark Trettin",
title = "An essential guide to LATEX2$\varepsilon$ usag",
year = "2017",
url = "http://www.pirbot.com/mirrors/ctan/info/l2tabu/english/l2tabuen.pdf"
}
